@manual{stm_manual,
    author = {Kandrai, Konrád and Kun, Péter},
    title = {Scanning Tunneling Microscopy (STM) Measurement Exercise for Physicist-Engineer Students},
    institution = {HUN-REN Centre for Energy Research (EK)},
    year = {2023}
}